/**
@article{Fels_and_Schwarzkopf_1975,
title="The simplified exchange approximation: A new method for radiative transfer calculations.",
author="EASTLAKE, D.E. and NILES, K.",
year=2002
}

*/