/Users/grantf/CloudStation/firl_library/firl_library.bib