@article{seligman01impact,
 author = {Len Seligman and Arnon Rosenthal},
 title = {{XML}'s Impact on Databases and Data Sharing},
 journal = {Computer},
 volume = {34},
 number = {6},
 year = {2001},
 issn = {0018-9162},
 pages = {59--67},
 doi = {http://dx.doi.org/10.1109/2.928623},
 publisher = {IEEE Computer Society Press},
 address = {Los Alamitos, CA, USA},
  }

@BOOK{Hale,
author = "J. K. Hale",
title = "Theory of functional--differential equations",
publisher = "Springer--Verlag, Berlin--Heidelberg--New York",
year = 1977
}


@article{LatencyArbitrageTheRealPower,
 title     = {Latency Arbitrage: The Real Power Behind Predatory High Frequency Trading},
 author    = {Sal Arnuk and Joseph Saluzzi},
 year      = {2009},
 publisher = {Themis Trading LLC},
 }


@article{michaelLewisWrong,
 title  = {Michael Lewis Is Entirely Wrong About High Frequency Trading Hitting The Little Guy},
 author = "Tim Worstall",
 publisher = "Forbes",
 year    = "2014",
 url     = "http://www.forbes.com/sites/timworstall/2014/03/31/michael-lewis-is-entirely-wrong-about-high-frequency-trading-hitting-the-little-guy/"   
 }  
